<collection xmlns="http://www.loc.gov/MARC21/slim">
<record>
  <leader>01154nam0a22002291i 450 </leader>
  <controlfield tag="001">IT\ICCU\CNCE\061646</controlfield>
  <controlfield tag="005">20151110000000.0</controlfield>
  <datafield tag="012" ind1=" " ind2=" ">
    <subfield code="a">almi siu- tun- rain (C) 1555 (R)</subfield>
    <subfield code="2">fei</subfield>
  </datafield>
  <datafield tag="100" ind1=" " ind2=" ">
    <subfield code="a">20051005d1555        0itac0103    ba</subfield>
  </datafield>
  <datafield tag="101" ind1=" " ind2=" ">
    <subfield code="a">ITA</subfield>
  </datafield>
  <datafield tag="102" ind1=" " ind2=" ">
    <subfield code="a">IT</subfield>
  </datafield>
  <datafield tag="200" ind1="1" ind2=" ">
    <subfield code="a">Opera di frate Vespasiano Amphiareo da Ferrara dell&apos;ordine minore conuentuale, nella quale si insegna a scriuere varie sorti di lettere, et massime vna lettera bastarda da lui nouamente con sua industria ritrouata ... Poi insegna a far l&apos;inchiostro ...</subfield>
  </datafield>
  <datafield tag="210" ind1=" " ind2=" ">
    <subfield code="a">In Venetia</subfield>
    <subfield code="d">1555</subfield>
  </datafield>
  <datafield tag="215" ind1=" " ind2=" ">
    <subfield code="a">\4! c., \43! c. di tav.</subfield>
    <subfield code="c">ill.</subfield>
    <subfield code="d">4ʻ obl</subfield>
  </datafield>
  <datafield tag="620" ind1=" " ind2=" ">
    <subfield code="a">IT</subfield>
    <subfield code="d">Venezia</subfield>
  </datafield>
  <datafield tag="700" ind1=" " ind2="1">
    <subfield code="a">Amphiareo,</subfield>
    <subfield code="b">Vespasiano</subfield>
    <subfield code="3">IT\ICCU\CNCA\000681</subfield>
  </datafield>
  <datafield tag="712" ind1="0" ind2="2">
    <subfield code="a">s.n.</subfield>
    <subfield code="3">IT\ICCU\CNCT\000002</subfield>
    <subfield code="4">650</subfield>
  </datafield>
  <datafield tag="790" ind1=" " ind2="1">
    <subfield code="a">Albertacci,</subfield>
    <subfield code="b">Alfonso</subfield>
    <subfield code="3">IT\ICCU\CNCA\007555</subfield>
    <subfield code="z">Amphiareo, Vespasiano</subfield>
  </datafield>
  <datafield tag="790" ind1=" " ind2="1">
    <subfield code="a">Amfiareo,</subfield>
    <subfield code="b">Vespasiano</subfield>
    <subfield code="3">IT\ICCU\CNCA\012506</subfield>
    <subfield code="z">Amphiareo, Vespasiano</subfield>
  </datafield>
  <datafield tag="790" ind1=" " ind2="1">
    <subfield code="a">Vespasiano,</subfield>
    <subfield code="b">Amphiareo</subfield>
    <subfield code="3">IT\ICCU\CNCA\015023</subfield>
    <subfield code="z">Amphiareo, Vespasiano</subfield>
  </datafield>
  <datafield tag="801" ind1=" " ind2="3">
    <subfield code="a">IT</subfield>
    <subfield code="b">ICCU</subfield>
    <subfield code="c">20201115</subfield>
  </datafield>
  <datafield tag="899" ind1=" " ind2=" ">
    <subfield code="a">Biblioteca del Seminario Vescovile della Facolt ̉Teologica del Triveneto dell&apos;Istituto Filosofico Aloisianum. Padova</subfield>
    <subfield code="1">PD0073</subfield>
    <subfield code="2">PUV 01</subfield>
  </datafield>
</record>
</collection>
